<?xml version="1.0" encoding="UTF-8"?><record xmlns="http://www.loc.gov/MARC21/slim" xmlns:cinclude="http://apache.org/cocoon/include/1.0" xmlns:zs="http://www.loc.gov/zing/srw/">
  <leader>00384nz  a2200133n  4500</leader>
  <controlfield tag="001">n  84178520 </controlfield>
  <controlfield tag="003">DLC</controlfield>
  <controlfield tag="005">19850102000000.0</controlfield>
  <controlfield tag="008">841029n| acannaab|          |n aaa |||  </controlfield>
  <datafield tag="010" ind1=" " ind2=" ">
    <subfield code="a">n  84178520 </subfield>
  </datafield>
  <datafield tag="040" ind1=" " ind2=" ">
    <subfield code="a">DLC</subfield>
    <subfield code="c">DLC</subfield>
  </datafield>
  <datafield tag="100" ind1="1" ind2="0">
    <subfield code="a">Fortin, André,</subfield>
    <subfield code="d">1928-</subfield>
  </datafield>
  <datafield tag="670" ind1=" " ind2=" ">
    <subfield code="a">Collectivités et université, 1983:</subfield>
    <subfield code="b">t.p. (André Fortin)</subfield>
  </datafield>
  <datafield tag="670" ind1=" " ind2=" ">
    <subfield code="a">NLC 6-22-84</subfield>
    <subfield code="b">(AACR 2: Fortin, André, 1928- )</subfield>
  </datafield>
</record>